@article{Hargrove2013,
author = {Hargrove, Levi J. and Simon, Ann M. and Young, Aaron J. and Lipschutz, Robert D. and Finucane, Suzanne B. and Smith, Douglas G. and Kuiken, Todd A.},
title = {Robotic Leg Control with EMG Decoding in an Amputee with Nerve Transfers},
journal = {New England Journal of Medicine},
volume = {369},
number = {13},
pages = {1237-1242},
year = {2013},
doi = {10.1056/NEJMoa1300126},
    note ={PMID: 24066744},
URL = { 
        http://dx.doi.org/10.1056/NEJMoa1300126 
},
eprint = { 
        http://dx.doi.org/10.1056/NEJMoa1300126
}
}

@ARTICLE{Jun-UkChu2007, 
author={Jun-Uk Chu and Inhyuk Moon and Yun-Jung Lee and Shin-Ki Kim and Mu-seong Mun}, 
journal={Mechatronics, IEEE/ASME Transactions on}, 
title={A Supervised Feature-Projection-Based Real-Time EMG Pattern Recognition for Multifunction Myoelectric Hand Control}, 
year={2007}, 
volume={12}, 
number={3}, 
pages={282-290}, 
keywords={electromyography;feature extraction;linear matrix inequalities;medical signal processing;multilayer perceptrons;wavelet transforms;electromyographic pattern recognition;feature vector extraction;feature-projection method;four-channel EMG signals;linear discriminant analysis;linear matrix;linear supervised feature projection;multifunction myoelectric hand;multilayer perceptron;real-time pattern-recognition system;wavelet packet transform;Data mining;Electromyography;Feature extraction;Linear discriminant analysis;Multilayer perceptrons;Pattern recognition;Vectors;Visualization;Wavelet packets;Wavelet transforms;Electromyographic (EMG);linear discriminant analysis (LDA);myoelectric hand control;pattern recognition;wavelet packet transform (WPT)}, 
doi={10.1109/TMECH.2007.897262}, 
ISSN={1083-4435}, 
month={June},}

@ARTICLE{Pattichis1995, 
author={Pattichis, C.S. and Schizas, C.N. and Middleton, L.T.}, 
journal={Biomedical Engineering, IEEE Transactions on}, 
title={Neural network models in EMG diagnosis}, 
year={1995}, 
volume={42}, 
number={5}, 
pages={486-496}, 
keywords={backpropagation;electromyography;feature extraction;medical signal processing;physiological models;self-organising feature maps;EMG diagnosis;K-means nearest neighbor clustering algorithm;Kohonen's self-organizing feature map models;Kohonen's self-organizing feature maps algorithm;automated medical diagnosis;computer-aided quantitative motor unit action potential techniques;diagnostic yield;integrated environment;neural network models;neuromuscular disorders diagnosis;parametric pattern recognition algorithm;Artificial neural networks;Clustering algorithms;Electromyography;Feature extraction;Medical diagnosis;Neural networks;Neuromuscular;Pattern recognition;Supervised learning;Unsupervised learning}, 
doi={10.1109/10.376153}, 
ISSN={0018-9294}, 
month={May},}

@ARTICLE{Hudgins1993, 
author={Hudgins, B. and Parker, P. and Scott, R.N.}, 
journal={Biomedical Engineering, IEEE Transactions on}, 
title={A new strategy for multifunction myoelectric control}, 
year={1993}, 
volume={40}, 
number={1}, 
pages={82-94}, 
keywords={artificial limbs;biocontrol;bioelectric potentials;muscle;amputee;artificial limb control;artificial neural network;feature extraction;multifunction myoelectric control strategy;multifunction prosthesis;natural contraction patterns;pattern structure preservation;subject training;time segments;Artificial neural networks;Control systems;Data mining;Elbow;Feature extraction;Muscles;Prosthetics;Senior members;Switches;Wrist;Amputation;Artifacts;Bias (Epidemiology);Electrophysiology;Evaluation Studies as Topic;Humans;Isometric Contraction;Isotonic Contraction;Models, Neurological;Muscle Contraction;Neural Networks (Computer);Prostheses and Implants;Prosthesis Design;Signal Processing, Computer-Assisted}, 
doi={10.1109/10.204774}, 
ISSN={0018-9294}, 
month={Jan},}

@ARTICLE{Englehart2003, 
author={Englehart, K. and Hudgins, B.}, 
journal={Biomedical Engineering, IEEE Transactions on}, 
title={A robust, real-time control scheme for multifunction myoelectric control}, 
year={2003}, 
volume={50}, 
number={7}, 
pages={848-854}, 
keywords={artificial limbs;embedded systems;medical control systems;medical signal processing;pattern recognition;EMG;complex manipulation sequences;continuous decision stream;dexterous natural control;embedded control systems;limb movement classes discrimination;minimal storage capacity;multifunction myoelectric control;natural control actuation;prosthetic device;robust real-time control scheme;upper extremity prostheses;Biomedical engineering;Control systems;Delay;Motion control;Muscles;Niobium;Pattern recognition;Proportional control;Prosthetics;Robust control;Action Potentials;Algorithms;Arm;Artificial Limbs;Electric Stimulation;Electromyography;Feedback;Forearm;Humans;Muscle, Skeletal;Pattern Recognition, Automated;Prosthesis Design;Signal Processing, Computer-Assisted;Therapy, Computer-Assisted;Wrist Joint}, 
doi={10.1109/TBME.2003.813539}, 
ISSN={0018-9294}, 
month={July},}

@Article{Chan2000,
   Author="Chan, F. H.  and Yang, Y. S.  and Lam, F. K.  and Zhang, Y. T.  and Parker, P. A. ",
   Title="{{F}uzzy {E}{M}{G} classification for prosthesis control}",
   Journal="IEEE Trans Rehabil Eng",
   Year="2000",
   Volume="8",
   Number="3",
   Pages="305--311",
   Month="Sep"
}

@Article{Atzori2014,
author={Atzori, Manfredo
and Gijsberts, Arjan
and Castellini, Claudio
and Caputo, Barbara
and Hager, Anne-Gabrielle Mittaz
and Elsig, Simone
and Giatsidis, Giorgio
and Bassetto, Franco
and M{\"u}ller, Henning},
title={Electromyography data for non-invasive naturally-controlled robotic hand prostheses},
journal={Scientific Data},
year={2014},
month={Dec},
day={23},
publisher={Macmillan Publishers Limited SN  -},
volume={1},
pages={140053 EP  -},
note={Data Descriptor},
url={http://dx.doi.org/10.1038/sdata.2014.53}
}

@INPROCEEDINGS{Chauvet2001, 
author={Chauvet, E. and Fokapu, O. and Hogrel, J.-Y. and Gamet, D. and Duchene, J.}, 
booktitle={Engineering in Medicine and Biology Society, 2001. Proceedings of the 23rd Annual International Conference of the IEEE}, 
title={A method of EMG decomposition based on fuzzy logic}, 
year={2001}, 
volume={2}, 
pages={1948-1950 vol.2}, 
keywords={electromyography;fuzzy logic;iterative methods;medical signal processing;signal classification;EMG signal decomposition;Laplacian EMG signal;Zadeh primary operators;fuzzy logic;fuzzy rules;inter-pulses interval;iterative algorithm;linguistic variables;motor unit action potentials;signal classification;simulated surface EMG signals;statistical analysis;Distribution functions;Electromyography;Flowcharts;Fuzzy logic;Garnets;Iterative algorithms;Muscles;Neuromuscular;Signal analysis;Statistical analysis}, 
doi={10.1109/IEMBS.2001.1020609}, 
ISSN={1094-687X}, 
month={},}

@article{Katsis2006,
title = "A novel method for automated \{EMG\} decomposition and \{MUAP\} classification ",
journal = "Artificial Intelligence in Medicine ",
volume = "37",
number = "1",
pages = "55 - 64",
year = "2006",
note = "Intelligent Data Analysis in Medicine ",
issn = "0933-3657",
doi = "http://dx.doi.org/10.1016/j.artmed.2005.09.002",
url = "http://www.sciencedirect.com/science/article/pii/S0933365705001065",
author = "C.D. Katsis and Y. Goletsis and A. Likas and D.I. Fotiadis and I. Sarmas",
keywords = "Quantitative electromyography",
keywords = "Electromyogram decomposition",
keywords = "Motor unit action potential detection and classification",
keywords = "Support vector machine "
}

@ARTICLE{Gut2000, 
author={Gut, R. and Moschytz, George S.}, 
journal={Signal Processing, IEEE Transactions on}, 
title={High-precision EMG signal decomposition using communication techniques}, 
year={2000}, 
volume={48}, 
number={9}, 
pages={2487-2494}, 
keywords={delays;electromyography;intersymbol interference;maximum likelihood estimation;medical signal processing;MAP estimation;MLE;artificially generated EMG signals;communication techniques;delayed finite-duration waveforms;different muscle fiber groups firing;electromyographic signals;firing pattern;high-precision EMG signal decomposition;intersymbol-interference;maximum a posteriori estimation;maximum-likelihood estimation;measured EMG signals;signaling system;sparse information sequence;Electrodes;Electromyography;Maximum likelihood estimation;Muscles;Needles;Optical fiber communication;Shape;Signal processing;Signal processing algorithms;Signal resolution}, 
doi={10.1109/78.863051}, 
ISSN={1053-587X}, 
month={Sep},}

@Article{Luca2006,
   Author="De Luca, C. J.  and Adam, A.  and Wotiz, R.  and Gilmore, L. D.  and Nawab, S. H. ",
   Title="{{D}ecomposition of surface {E}{M}{G} signals}",
   Journal="J. Neurophysiol.",
   Year="2006",
   Volume="96",
   Number="3",
   Pages="1646--1657",
   Month="Sep"
}

